<record><leader>00000cas a22000007a 4500</leader><controlfield tag="001">9531333</controlfield><controlfield tag="008">830520d18691927wiuwr ne      0    0ger d</controlfield><datafield ind1=" " ind2=" " tag="010"><subfield code="a">sn 83045601 </subfield></datafield><datafield ind1=" " ind2=" " tag="040"><subfield code="a">CRL</subfield><subfield code="b">eng</subfield><subfield code="c">CRL</subfield><subfield code="d">NPW</subfield><subfield code="d">NPV</subfield><subfield code="d">NPX</subfield><subfield code="d">NPI</subfield><subfield code="d">YOX</subfield><subfield code="d">OCLCQ</subfield><subfield code="d">KRTAS</subfield><subfield code="d">OCLCQ</subfield><subfield code="d">OCLCF</subfield><subfield code="d">OCLCO</subfield></datafield><datafield ind1=" " ind2=" " tag="042"><subfield code="a">msc</subfield></datafield><datafield ind1=" " ind2=" " tag="043"><subfield code="a">n-us-wi</subfield></datafield><datafield ind1="0" ind2="0" tag="245"><subfield code="a">Wisconsin Botschafter.</subfield></datafield><datafield ind1=" " ind2=" " tag="260"><subfield code="a">Madison, Wis. :</subfield><subfield code="b">R. Porsch,</subfield><subfield code="c">-1927.</subfield></datafield><datafield ind1=" " ind2=" " tag="300"><subfield code="a">v. :</subfield><subfield code="b">ill. ;</subfield><subfield code="c">64 cm.</subfield></datafield><datafield ind1=" " ind2=" " tag="310"><subfield code="a">Weekly</subfield></datafield><datafield ind1="1" ind2=" " tag="362"><subfield code="a">Began in July 1869.</subfield><subfield code="z">Cf. Arndt, K.J.R. and M.E. Olson. The German language press of the Americas.</subfield></datafield><datafield ind1="0" ind2=" " tag="362"><subfield code="a">-Jahrg. 58, no. 49 (9. Juni 1927).</subfield></datafield><datafield ind1=" " ind2=" " tag="500"><subfield code="a">Published at Monroe, Wis., Oct. 28, 1926-June 9, 1927.</subfield></datafield><datafield ind1=" " ind2=" " tag="500"><subfield code="a">Weekly ed.: Wisconsin Staats-Zeitung.</subfield></datafield><datafield ind1=" " ind2=" " tag="500"><subfield code="a">Publisher varies: R. Porsch, &lt;Jan. 1874&gt;-Oct. 8, 1891.--M. Porsch, Oct.-Dec. 1891.--F.C. Blied, Jan. 1892-Oct. 1926.--F.L. Kohli, Oct. 1926-June 1927.</subfield></datafield><datafield ind1=" " ind2=" " tag="500"><subfield code="a">"Ein Wochenblatt fu&#776;r allgemeine Interessen," &lt;Jan. 1874&gt;-Dec. 1878.</subfield></datafield><datafield ind1=" " ind2=" " tag="525"><subfield code="a">Supplements accompany some issues.</subfield></datafield><datafield ind1=" " ind2=" " tag="546"><subfield code="a">In German.</subfield></datafield><datafield ind1=" " ind2=" " tag="588"><subfield code="a">Description based on: Jahrg. 5, Nr. 25 (16. Jan. 1874).</subfield></datafield><datafield ind1=" " ind2="0" tag="650"><subfield code="a">Germans</subfield><subfield code="z">Wisconsin</subfield><subfield code="v">Newspapers.</subfield></datafield><datafield ind1=" " ind2="4" tag="651"><subfield code="a">Madison (Wis.)</subfield><subfield code="v">Newspapers.</subfield></datafield><datafield ind1=" " ind2="7" tag="655"><subfield code="a">Newspapers.</subfield><subfield code="2">fast</subfield><subfield code="0">(OCoLC)fst01423814</subfield></datafield><datafield ind1=" " ind2="7" tag="650"><subfield code="a">Germans.</subfield><subfield code="2">fast</subfield><subfield code="0">(OCoLC)fst00942100</subfield></datafield><datafield ind1=" " ind2="7" tag="651"><subfield code="a">Wisconsin.</subfield><subfield code="2">fast</subfield><subfield code="0">(OCoLC)fst01204595</subfield></datafield><datafield ind1=" " ind2=" " tag="752"><subfield code="a">United States</subfield><subfield code="b">Wisconsin</subfield><subfield code="c">Dane</subfield><subfield code="d">Madison.</subfield></datafield><datafield ind1=" " ind2=" " tag="752"><subfield code="a">United States</subfield><subfield code="b">Wisconsin</subfield><subfield code="c">Green</subfield><subfield code="d">Monroe.</subfield></datafield><datafield ind1="0" ind2="0" tag="780"><subfield code="t">Madison Botschafter</subfield></datafield><datafield ind1="0" ind2="4" tag="785"><subfield code="t">Green County Herold</subfield><subfield code="w">(DLC)sn 86086781</subfield><subfield code="w">(OCoLC)14708425</subfield></datafield><datafield ind1=" " ind2=" " tag="938"><subfield code="a">Kirtas Technologies, Inc.</subfield><subfield code="b">KRTS</subfield><subfield code="n">736726</subfield></datafield></record>